@article{ParkerRardin1984,
  title={Guaranteed performance heuristics for the bottleneck travelling salesman problem},
  author={Parker, R Gary and Rardin, Ronald L},
  journal={Operations Research Letters},
  volume={2},
  number={6},
  pages={269--272},
  year={1984},
  publisher={Elsevier}
}

@inproceedings{alstrup2018hamiltonian,
  title={A Hamiltonian Cycle in the Square of a 2-connected Graph in Linear Time},
  author={Alstrup, Stephen and Georgakopoulos, Agelos and Rotenberg, Eva and Thomassen, Carsten},
  booktitle={Proceedings of the Twenty-Ninth Annual ACM-SIAM Symposium on Discrete Algorithms},
  pages={1645--1649},
  year={2018},
  organization={SIAM}
}

@article{schmidt2013,
  title={A simple test on 2-vertex-and 2-edge-connectivity},
  author={Schmidt, Jens M},
  journal={Information Processing Letters},
  volume={113},
  number={7},
  pages={241--244},
  year={2013},
  publisher={Elsevier}
}

@article{han1995,
  title={Computing minimal spanning subgraphs in linear time},
  author={Han, Xiaofeng and Kelsen, Pierre and Ramachandran, Vijaya and Tarjan, Robert},
  journal={SIAM Journal on Computing},
  volume={24},
  number={6},
  pages={1332--1358},
  year={1995},
  publisher={SIAM}
}

@article{garfinkel1978,
  title={The bottleneck traveling salesman problem: Algorithms and probabilistic analysis},
  author={Garfinkel, Robert S and Gilbert, KC},
  journal={Journal of the ACM (JACM)},
  volume={25},
  number={3},
  pages={435--448},
  year={1978},
  publisher={ACM New York, NY, USA}
}

@inproceedings{bender1999generalizedTriangle,
  title={Performance guarantees for the TSP with a parameterized triangle inequality},
  author={Bender, Michael A and Chekuri, Chandra},
  booktitle={Algorithms and Data Structures: 6th International Workshop, WADSâ€™99 Vancouver, Canada, August 11--14, 1999 Proceedings 6},
  pages={80--85},
  year={1999},
  organization={Springer}
}
